@inproceedings{badouelTchoupeCmcs,
	author={Badouel, Eric AND T. Tchoupé, Maurice},
	booktitle={Proceedings of the Ninth Workshop on Coalgebraic Methods in Computer Science (CMCS 2008), Budapest. Electronic Notes in Theoretical Computer Science},
	title={Merging hierarchically structured documents in workflow systems},
	year={2008},
	pages={3--24},
	volume={203}
}

@inproceedings{mergingMatrix3,
	author={Munson, Jonathan P. AND Prasun Dewan},
	booktitle={Proceedings \uppercase{ACM C}onference \uppercase{C}omputer \uppercase{S}upported \uppercase{C}ollaborative \uppercase{W}ork},
	title={A \uppercase{F}lexible \uppercase{O}bject \uppercase{M}erging \uppercase{F}ramework},
	year={1994},
	pages={231--241}
}

@article{tomMens,
	author={Mens, Tom},
	journal={IEEE Transactions on Software Engineering},
	title={A State-of-the-Art Survey on Software Merging},
	year={2002},
	pages={449--462},
	volume={28},
	number={5}
}

@phdthesis{theseTchoupe,
	author={T. Tchoupé, Maurice},
	title={Une approche grammaticale pour la fusion des réplicats partiels d'un document structuré : application à l'édition coopérative asynchrone. Software Engineering.},
	school={Université de Rennes 1 (\uppercase{F}rance), \uppercase{U}niversité de Yaoundé 1 (\uppercase{C}ameroun)},
	year={2009},
	month={Août}
}

@misc{coopColGirard,
	author={Girard, Suzanne},
	title={Coopération et collaboration au travail, quelle est la différence?},
	year={2014},
	month={Août},
	note={disponible à l'adresse \url{http://conseilsrhcoaching.com/cooperer-et-collaborer-article/}},
	howpublished={Formation}
}

